@article{vip,
	author			= {Awesome, M. R.},
	title			= {The most awesome paper in history},
	journal			= {Awesomeness},
	year			= {3333},
	volume			= {0},
	pages			= {333--666}
}
